<?xml version="1.0" encoding="UTF-8"?>
<record>
  <leader>00643npm#a2200217#ca4500</leader>
  <controlfield tag="005">20210407221558.0</controlfield>
  <controlfield tag="007">zm</controlfield>
  <controlfield tag="008">990311|########xx######################c</controlfield>
  <controlfield tag="003">DE-605</controlfield>
  <controlfield tag="001">990051708340206441</controlfield>
  <datafield tag="016" ind1="7" ind2=" ">
    <subfield code="a">1072570332</subfield>
    <subfield code="2">OCoLC</subfield>
  </datafield>
  <datafield tag="035" ind1=" " ind2=" ">
    <subfield code="a">(DE-605)HT009976241</subfield>
  </datafield>
  <datafield tag="040" ind1=" " ind2=" ">
    <subfield code="a">361</subfield>
    <subfield code="b">ger</subfield>
    <subfield code="e">rakwb</subfield>
  </datafield>
  <datafield tag="100" ind1="1" ind2=" ">
    <subfield code="a">Baumann, R체deger</subfield>
    <subfield code="4">aut</subfield>
  </datafield>
  <datafield tag="245" ind1="1" ind2="0">
    <subfield code="a">Didaktik der Informatik</subfield>
    <subfield code="h">Medienkombination</subfield>
    <subfield code="c">R체deger Baumann</subfield>
  </datafield>
  <datafield tag="264" ind1=" " ind2="1">
    <subfield code="a">Stuttgart [u.a.]</subfield>
    <subfield code="b">Klett Schulbuchverl.</subfield>
  </datafield>
  <datafield tag="515" ind1=" " ind2=" ">
    <subfield code="a">Erschienen: 1 Buch und 1 Diskette</subfield>
  </datafield>
  <datafield tag="964" ind1="0" ind2="s">
    <subfield code="F">030</subfield>
    <subfield code="A">a|1uc||||||17</subfield>
  </datafield>
  <datafield tag="964" ind1="0" ind2="s">
    <subfield code="F">050</subfield>
    <subfield code="A">|||||||a||||||</subfield>
  </datafield>
  <datafield tag="964" ind1="0" ind2="s">
    <subfield code="F">051</subfield>
    <subfield code="A">n|||||||</subfield>
  </datafield>
  <datafield tag="035" ind1=" " ind2=" ">
    <subfield code="a">(OCoLC)1072570332</subfield>
  </datafield>
  <datafield tag="MBD" ind1=" " ind2=" ">
    <subfield code="M">49HBZ_NETWORK</subfield>
    <subfield code="i">990051708340206441</subfield>
    <subfield code="n">HBZ Network</subfield>
  </datafield>
  <datafield tag="MBD" ind1=" " ind2=" ">
    <subfield code="M">49HBZ_BIE</subfield>
    <subfield code="i">991019320629706442</subfield>
    <subfield code="n">Universit채t Bielefeld</subfield>
  </datafield>
  <datafield tag="MBD" ind1=" " ind2=" ">
    <subfield code="M">49HBZ_PAD</subfield>
    <subfield code="i">990007965830106463</subfield>
    <subfield code="n">Universit채tsbibliothek Paderborn</subfield>
  </datafield>
  <datafield tag="MNG" ind1=" " ind2=" ">
    <subfield code="c">System</subfield>
    <subfield code="f">ILS</subfield>
    <subfield code="i">marc21</subfield>
    <subfield code="k">01</subfield>
    <subfield code="e">false</subfield>
    <subfield code="d">2021-04-07 22:15:58 Europe/Berlin</subfield>
    <subfield code="g">005170834-HBZ01</subfield>
    <subfield code="j">60</subfield>
    <subfield code="a">import</subfield>
    <subfield code="b">2021-04-05 17:33:38 Europe/Berlin</subfield>
  </datafield>
  <datafield tag="H52" ind1="8" ind2="1">
    <subfield code="b">P0001</subfield>
    <subfield code="c">UNASSIGNED</subfield>
    <subfield code="8">22139237870006463</subfield>
  </datafield>
  <datafield tag="H80" ind1="1" ind2=" ">
    <subfield code="a">c</subfield>
    <subfield code="8">22139237870006463</subfield>
  </datafield>
  <datafield tag="HOL" ind1=" " ind2=" ">
    <subfield code="b">2022-07-14 09:58:42</subfield>
    <subfield code="8">22139237870006463</subfield>
    <subfield code="M">49HBZ_PAD</subfield>
    <subfield code="g">false</subfield>
    <subfield code="a">import</subfield>
  </datafield>
  <datafield tag="ITM" ind1=" " ind2=" ">
    <subfield code="H">22139237870006463</subfield>
    <subfield code="x">UNASSIGNED</subfield>
    <subfield code="f">MIXED</subfield>
    <subfield code="v">UNASSIGNED</subfield>
    <subfield code="p">20</subfield>
    <subfield code="X">System</subfield>
    <subfield code="U">1999-11-23 11:59:00 Europe/Berlin</subfield>
    <subfield code="Y">2022-07-14 11:59:43 Europe/Berlin</subfield>
    <subfield code="h">false</subfield>
    <subfield code="n">TQP1606-...</subfield>
    <subfield code="M">49HBZ_PAD</subfield>
    <subfield code="s">1</subfield>
    <subfield code="d">8</subfield>
    <subfield code="V">import</subfield>
    <subfield code="b">115266-10</subfield>
    <subfield code="a">23139237860006463</subfield>
    <subfield code="t">8</subfield>
    <subfield code="W">1999-11-23 01:00:00 Europe/Berlin</subfield>
    <subfield code="u">P0001</subfield>
    <subfield code="w">P0001</subfield>
  </datafield>
</record>
